%YAML 1.1
%TAG !u! tag:unity3d.com,2011:
--- !u!1 &100680
GameObject:
  m_ObjectHideFlags: 0
  m_PrefabParentObject: {fileID: 0}
  m_PrefabInternal: {fileID: 100100000}
  serializedVersion: 4
  m_Component:
  - 4: {fileID: 424640}
  - 33: {fileID: 3309478}
  - 23: {fileID: 2341124}
  - 65: {fileID: 6556540}
  - 54: {fileID: 5415566}
  - 114: {fileID: 11417270}
  m_Layer: 0
  m_Name: dogbone (6)
  m_TagString: Untagged
  m_Icon: {fileID: 0}
  m_NavMeshLayer: 0
  m_StaticEditorFlags: 0
  m_IsActive: 1
--- !u!1 &119314
GameObject:
  m_ObjectHideFlags: 0
  m_PrefabParentObject: {fileID: 0}
  m_PrefabInternal: {fileID: 100100000}
  serializedVersion: 4
  m_Component:
  - 4: {fileID: 494344}
  - 33: {fileID: 3395730}
  - 23: {fileID: 2303720}
  - 65: {fileID: 6562024}
  - 54: {fileID: 5487504}
  - 114: {fileID: 11403938}
  m_Layer: 0
  m_Name: dogbone (2)
  m_TagString: Untagged
  m_Icon: {fileID: 0}
  m_NavMeshLayer: 0
  m_StaticEditorFlags: 0
  m_IsActive: 1
--- !u!1 &146758
GameObject:
  m_ObjectHideFlags: 0
  m_PrefabParentObject: {fileID: 0}
  m_PrefabInternal: {fileID: 100100000}
  serializedVersion: 4
  m_Component:
  - 4: {fileID: 437562}
  - 114: {fileID: 11425530}
  - 114: {fileID: 11403048}
  - 114: {fileID: 11495722}
  m_Layer: 0
  m_Name: DogBoneJump
  m_TagString: Untagged
  m_Icon: {fileID: 0}
  m_NavMeshLayer: 0
  m_StaticEditorFlags: 0
  m_IsActive: 1
--- !u!1 &163994
GameObject:
  m_ObjectHideFlags: 0
  m_PrefabParentObject: {fileID: 0}
  m_PrefabInternal: {fileID: 100100000}
  serializedVersion: 4
  m_Component:
  - 4: {fileID: 476368}
  - 33: {fileID: 3372334}
  - 23: {fileID: 2388004}
  - 65: {fileID: 6572664}
  - 54: {fileID: 5404558}
  - 114: {fileID: 11499086}
  m_Layer: 0
  m_Name: dogbone
  m_TagString: Untagged
  m_Icon: {fileID: 0}
  m_NavMeshLayer: 0
  m_StaticEditorFlags: 0
  m_IsActive: 1
--- !u!1 &168902
GameObject:
  m_ObjectHideFlags: 0
  m_PrefabParentObject: {fileID: 0}
  m_PrefabInternal: {fileID: 100100000}
  serializedVersion: 4
  m_Component:
  - 4: {fileID: 482030}
  - 33: {fileID: 3393264}
  - 23: {fileID: 2341914}
  - 65: {fileID: 6522776}
  - 54: {fileID: 5426542}
  - 114: {fileID: 11427890}
  m_Layer: 0
  m_Name: dogbone (4)
  m_TagString: Untagged
  m_Icon: {fileID: 0}
  m_NavMeshLayer: 0
  m_StaticEditorFlags: 0
  m_IsActive: 1
--- !u!1 &175090
GameObject:
  m_ObjectHideFlags: 0
  m_PrefabParentObject: {fileID: 0}
  m_PrefabInternal: {fileID: 100100000}
  serializedVersion: 4
  m_Component:
  - 4: {fileID: 490344}
  - 33: {fileID: 3355862}
  - 23: {fileID: 2397596}
  - 65: {fileID: 6598816}
  - 54: {fileID: 5475750}
  - 114: {fileID: 11484332}
  m_Layer: 0
  m_Name: dogbone (3)
  m_TagString: Untagged
  m_Icon: {fileID: 0}
  m_NavMeshLayer: 0
  m_StaticEditorFlags: 0
  m_IsActive: 1
--- !u!1 &176866
GameObject:
  m_ObjectHideFlags: 0
  m_PrefabParentObject: {fileID: 0}
  m_PrefabInternal: {fileID: 100100000}
  serializedVersion: 4
  m_Component:
  - 4: {fileID: 450816}
  - 33: {fileID: 3395082}
  - 23: {fileID: 2336192}
  - 65: {fileID: 6547372}
  - 54: {fileID: 5455654}
  - 114: {fileID: 11497850}
  m_Layer: 0
  m_Name: dogbone (1)
  m_TagString: Untagged
  m_Icon: {fileID: 0}
  m_NavMeshLayer: 0
  m_StaticEditorFlags: 0
  m_IsActive: 1
--- !u!1 &178626
GameObject:
  m_ObjectHideFlags: 0
  m_PrefabParentObject: {fileID: 0}
  m_PrefabInternal: {fileID: 100100000}
  serializedVersion: 4
  m_Component:
  - 4: {fileID: 411444}
  - 33: {fileID: 3313516}
  - 23: {fileID: 2344746}
  - 65: {fileID: 6562924}
  - 54: {fileID: 5499470}
  - 114: {fileID: 11417162}
  m_Layer: 0
  m_Name: dogbone (7)
  m_TagString: Untagged
  m_Icon: {fileID: 0}
  m_NavMeshLayer: 0
  m_StaticEditorFlags: 0
  m_IsActive: 1
--- !u!1 &198362
GameObject:
  m_ObjectHideFlags: 0
  m_PrefabParentObject: {fileID: 0}
  m_PrefabInternal: {fileID: 100100000}
  serializedVersion: 4
  m_Component:
  - 4: {fileID: 472876}
  - 33: {fileID: 3329094}
  - 23: {fileID: 2345180}
  - 65: {fileID: 6542248}
  - 54: {fileID: 5497964}
  - 114: {fileID: 11442292}
  m_Layer: 0
  m_Name: dogbone (5)
  m_TagString: Untagged
  m_Icon: {fileID: 0}
  m_NavMeshLayer: 0
  m_StaticEditorFlags: 0
  m_IsActive: 1
--- !u!4 &411444
Transform:
  m_ObjectHideFlags: 1
  m_PrefabParentObject: {fileID: 0}
  m_PrefabInternal: {fileID: 100100000}
  m_GameObject: {fileID: 178626}
  m_LocalRotation: {x: 0, y: 1, z: 0, w: -0.00000016292068}
  m_LocalPosition: {x: -0.18, y: -0.7950001, z: 5.71}
  m_LocalScale: {x: 0.3, y: 0.4, z: 0.4}
  m_Children: []
  m_Father: {fileID: 437562}
  m_RootOrder: 0
--- !u!4 &424640
Transform:
  m_ObjectHideFlags: 1
  m_PrefabParentObject: {fileID: 0}
  m_PrefabInternal: {fileID: 100100000}
  m_GameObject: {fileID: 100680}
  m_LocalRotation: {x: 0, y: 1, z: 0, w: -0.00000016292068}
  m_LocalPosition: {x: -0.18, y: 0.018999994, z: 4.8}
  m_LocalScale: {x: 0.3, y: 0.4, z: 0.4}
  m_Children: []
  m_Father: {fileID: 437562}
  m_RootOrder: 1
--- !u!4 &437562
Transform:
  m_ObjectHideFlags: 1
  m_PrefabParentObject: {fileID: 0}
  m_PrefabInternal: {fileID: 100100000}
  m_GameObject: {fileID: 146758}
  m_LocalRotation: {x: 0, y: 0, z: 0, w: 1}
  m_LocalPosition: {x: 0, y: 1.39, z: 0}
  m_LocalScale: {x: 1, y: 1, z: 1}
  m_Children:
  - {fileID: 411444}
  - {fileID: 424640}
  - {fileID: 472876}
  - {fileID: 482030}
  - {fileID: 490344}
  - {fileID: 494344}
  - {fileID: 450816}
  - {fileID: 476368}
  m_Father: {fileID: 0}
  m_RootOrder: 0
--- !u!4 &450816
Transform:
  m_ObjectHideFlags: 1
  m_PrefabParentObject: {fileID: 0}
  m_PrefabInternal: {fileID: 100100000}
  m_GameObject: {fileID: 176866}
  m_LocalRotation: {x: 0, y: 1, z: 0, w: -0.00000016292068}
  m_LocalPosition: {x: -0.18, y: 0.018999994, z: -0.2}
  m_LocalScale: {x: 0.3, y: 0.4, z: 0.4}
  m_Children: []
  m_Father: {fileID: 437562}
  m_RootOrder: 6
--- !u!4 &472876
Transform:
  m_ObjectHideFlags: 1
  m_PrefabParentObject: {fileID: 0}
  m_PrefabInternal: {fileID: 100100000}
  m_GameObject: {fileID: 198362}
  m_LocalRotation: {x: 0, y: 1, z: 0, w: -0.00000016292068}
  m_LocalPosition: {x: -0.18, y: 0.329, z: 3.8}
  m_LocalScale: {x: 0.3, y: 0.4, z: 0.4}
  m_Children: []
  m_Father: {fileID: 437562}
  m_RootOrder: 2
--- !u!4 &476368
Transform:
  m_ObjectHideFlags: 1
  m_PrefabParentObject: {fileID: 0}
  m_PrefabInternal: {fileID: 100100000}
  m_GameObject: {fileID: 163994}
  m_LocalRotation: {x: 0, y: 1, z: 0, w: -0.00000016292068}
  m_LocalPosition: {x: -0.18, y: -0.601, z: -1.2}
  m_LocalScale: {x: 0.3, y: 0.4, z: 0.4}
  m_Children: []
  m_Father: {fileID: 437562}
  m_RootOrder: 7
--- !u!4 &482030
Transform:
  m_ObjectHideFlags: 1
  m_PrefabParentObject: {fileID: 0}
  m_PrefabInternal: {fileID: 100100000}
  m_GameObject: {fileID: 168902}
  m_LocalRotation: {x: 0, y: 1, z: 0, w: -0.00000016292068}
  m_LocalPosition: {x: -0.18, y: 0.47899997, z: 2.8}
  m_LocalScale: {x: 0.3, y: 0.4, z: 0.4}
  m_Children: []
  m_Father: {fileID: 437562}
  m_RootOrder: 3
--- !u!4 &490344
Transform:
  m_ObjectHideFlags: 1
  m_PrefabParentObject: {fileID: 0}
  m_PrefabInternal: {fileID: 100100000}
  m_GameObject: {fileID: 175090}
  m_LocalRotation: {x: 0, y: 1, z: 0, w: -0.00000016292068}
  m_LocalPosition: {x: -0.18, y: 0.47899997, z: 1.8}
  m_LocalScale: {x: 0.3, y: 0.4, z: 0.4}
  m_Children: []
  m_Father: {fileID: 437562}
  m_RootOrder: 4
--- !u!4 &494344
Transform:
  m_ObjectHideFlags: 1
  m_PrefabParentObject: {fileID: 0}
  m_PrefabInternal: {fileID: 100100000}
  m_GameObject: {fileID: 119314}
  m_LocalRotation: {x: 0, y: 1, z: 0, w: -0.00000016292068}
  m_LocalPosition: {x: -0.18, y: 0.319, z: 0.8}
  m_LocalScale: {x: 0.3, y: 0.4, z: 0.4}
  m_Children: []
  m_Father: {fileID: 437562}
  m_RootOrder: 5
--- !u!23 &2303720
MeshRenderer:
  m_ObjectHideFlags: 1
  m_PrefabParentObject: {fileID: 0}
  m_PrefabInternal: {fileID: 100100000}
  m_GameObject: {fileID: 119314}
  m_Enabled: 1
  m_CastShadows: 0
  m_ReceiveShadows: 0
  m_Materials:
  - {fileID: 2100000, guid: 6bfc788d44da7d7439a9ba2d29d0e3f5, type: 2}
  m_SubsetIndices: 
  m_StaticBatchRoot: {fileID: 0}
  m_UseLightProbes: 1
  m_ReflectionProbeUsage: 1
  m_ProbeAnchor: {fileID: 0}
  m_ScaleInLightmap: 1
  m_PreserveUVs: 0
  m_IgnoreNormalsForChartDetection: 0
  m_ImportantGI: 0
  m_MinimumChartSize: 4
  m_AutoUVMaxDistance: 0.5
  m_AutoUVMaxAngle: 89
  m_LightmapParameters: {fileID: 0}
  m_SortingLayerID: 0
  m_SortingOrder: 0
--- !u!23 &2336192
MeshRenderer:
  m_ObjectHideFlags: 1
  m_PrefabParentObject: {fileID: 0}
  m_PrefabInternal: {fileID: 100100000}
  m_GameObject: {fileID: 176866}
  m_Enabled: 1
  m_CastShadows: 0
  m_ReceiveShadows: 0
  m_Materials:
  - {fileID: 2100000, guid: 6bfc788d44da7d7439a9ba2d29d0e3f5, type: 2}
  m_SubsetIndices: 
  m_StaticBatchRoot: {fileID: 0}
  m_UseLightProbes: 1
  m_ReflectionProbeUsage: 1
  m_ProbeAnchor: {fileID: 0}
  m_ScaleInLightmap: 1
  m_PreserveUVs: 0
  m_IgnoreNormalsForChartDetection: 0
  m_ImportantGI: 0
  m_MinimumChartSize: 4
  m_AutoUVMaxDistance: 0.5
  m_AutoUVMaxAngle: 89
  m_LightmapParameters: {fileID: 0}
  m_SortingLayerID: 0
  m_SortingOrder: 0
--- !u!23 &2341124
MeshRenderer:
  m_ObjectHideFlags: 1
  m_PrefabParentObject: {fileID: 0}
  m_PrefabInternal: {fileID: 100100000}
  m_GameObject: {fileID: 100680}
  m_Enabled: 1
  m_CastShadows: 0
  m_ReceiveShadows: 0
  m_Materials:
  - {fileID: 2100000, guid: 6bfc788d44da7d7439a9ba2d29d0e3f5, type: 2}
  m_SubsetIndices: 
  m_StaticBatchRoot: {fileID: 0}
  m_UseLightProbes: 1
  m_ReflectionProbeUsage: 1
  m_ProbeAnchor: {fileID: 0}
  m_ScaleInLightmap: 1
  m_PreserveUVs: 0
  m_IgnoreNormalsForChartDetection: 0
  m_ImportantGI: 0
  m_MinimumChartSize: 4
  m_AutoUVMaxDistance: 0.5
  m_AutoUVMaxAngle: 89
  m_LightmapParameters: {fileID: 0}
  m_SortingLayerID: 0
  m_SortingOrder: 0
--- !u!23 &2341914
MeshRenderer:
  m_ObjectHideFlags: 1
  m_PrefabParentObject: {fileID: 0}
  m_PrefabInternal: {fileID: 100100000}
  m_GameObject: {fileID: 168902}
  m_Enabled: 1
  m_CastShadows: 0
  m_ReceiveShadows: 0
  m_Materials:
  - {fileID: 2100000, guid: 6bfc788d44da7d7439a9ba2d29d0e3f5, type: 2}
  m_SubsetIndices: 
  m_StaticBatchRoot: {fileID: 0}
  m_UseLightProbes: 1
  m_ReflectionProbeUsage: 1
  m_ProbeAnchor: {fileID: 0}
  m_ScaleInLightmap: 1
  m_PreserveUVs: 0
  m_IgnoreNormalsForChartDetection: 0
  m_ImportantGI: 0
  m_MinimumChartSize: 4
  m_AutoUVMaxDistance: 0.5
  m_AutoUVMaxAngle: 89
  m_LightmapParameters: {fileID: 0}
  m_SortingLayerID: 0
  m_SortingOrder: 0
--- !u!23 &2344746
MeshRenderer:
  m_ObjectHideFlags: 1
  m_PrefabParentObject: {fileID: 0}
  m_PrefabInternal: {fileID: 100100000}
  m_GameObject: {fileID: 178626}
  m_Enabled: 1
  m_CastShadows: 0
  m_ReceiveShadows: 0
  m_Materials:
  - {fileID: 2100000, guid: 6bfc788d44da7d7439a9ba2d29d0e3f5, type: 2}
  m_SubsetIndices: 
  m_StaticBatchRoot: {fileID: 0}
  m_UseLightProbes: 1
  m_ReflectionProbeUsage: 1
  m_ProbeAnchor: {fileID: 0}
  m_ScaleInLightmap: 1
  m_PreserveUVs: 0
  m_IgnoreNormalsForChartDetection: 0
  m_ImportantGI: 0
  m_MinimumChartSize: 4
  m_AutoUVMaxDistance: 0.5
  m_AutoUVMaxAngle: 89
  m_LightmapParameters: {fileID: 0}
  m_SortingLayerID: 0
  m_SortingOrder: 0
--- !u!23 &2345180
MeshRenderer:
  m_ObjectHideFlags: 1
  m_PrefabParentObject: {fileID: 0}
  m_PrefabInternal: {fileID: 100100000}
  m_GameObject: {fileID: 198362}
  m_Enabled: 1
  m_CastShadows: 0
  m_ReceiveShadows: 0
  m_Materials:
  - {fileID: 2100000, guid: 6bfc788d44da7d7439a9ba2d29d0e3f5, type: 2}
  m_SubsetIndices: 
  m_StaticBatchRoot: {fileID: 0}
  m_UseLightProbes: 1
  m_ReflectionProbeUsage: 1
  m_ProbeAnchor: {fileID: 0}
  m_ScaleInLightmap: 1
  m_PreserveUVs: 0
  m_IgnoreNormalsForChartDetection: 0
  m_ImportantGI: 0
  m_MinimumChartSize: 4
  m_AutoUVMaxDistance: 0.5
  m_AutoUVMaxAngle: 89
  m_LightmapParameters: {fileID: 0}
  m_SortingLayerID: 0
  m_SortingOrder: 0
--- !u!23 &2388004
MeshRenderer:
  m_ObjectHideFlags: 1
  m_PrefabParentObject: {fileID: 0}
  m_PrefabInternal: {fileID: 100100000}
  m_GameObject: {fileID: 163994}
  m_Enabled: 1
  m_CastShadows: 0
  m_ReceiveShadows: 0
  m_Materials:
  - {fileID: 2100000, guid: 6bfc788d44da7d7439a9ba2d29d0e3f5, type: 2}
  m_SubsetIndices: 
  m_StaticBatchRoot: {fileID: 0}
  m_UseLightProbes: 1
  m_ReflectionProbeUsage: 1
  m_ProbeAnchor: {fileID: 0}
  m_ScaleInLightmap: 1
  m_PreserveUVs: 0
  m_IgnoreNormalsForChartDetection: 0
  m_ImportantGI: 0
  m_MinimumChartSize: 4
  m_AutoUVMaxDistance: 0.5
  m_AutoUVMaxAngle: 89
  m_LightmapParameters: {fileID: 0}
  m_SortingLayerID: 0
  m_SortingOrder: 0
--- !u!23 &2397596
MeshRenderer:
  m_ObjectHideFlags: 1
  m_PrefabParentObject: {fileID: 0}
  m_PrefabInternal: {fileID: 100100000}
  m_GameObject: {fileID: 175090}
  m_Enabled: 1
  m_CastShadows: 0
  m_ReceiveShadows: 0
  m_Materials:
  - {fileID: 2100000, guid: 6bfc788d44da7d7439a9ba2d29d0e3f5, type: 2}
  m_SubsetIndices: 
  m_StaticBatchRoot: {fileID: 0}
  m_UseLightProbes: 1
  m_ReflectionProbeUsage: 1
  m_ProbeAnchor: {fileID: 0}
  m_ScaleInLightmap: 1
  m_PreserveUVs: 0
  m_IgnoreNormalsForChartDetection: 0
  m_ImportantGI: 0
  m_MinimumChartSize: 4
  m_AutoUVMaxDistance: 0.5
  m_AutoUVMaxAngle: 89
  m_LightmapParameters: {fileID: 0}
  m_SortingLayerID: 0
  m_SortingOrder: 0
--- !u!33 &3309478
MeshFilter:
  m_ObjectHideFlags: 1
  m_PrefabParentObject: {fileID: 0}
  m_PrefabInternal: {fileID: 100100000}
  m_GameObject: {fileID: 100680}
  m_Mesh: {fileID: 4300000, guid: cad9b36ece73fd44ba049d62441c6832, type: 3}
--- !u!33 &3313516
MeshFilter:
  m_ObjectHideFlags: 1
  m_PrefabParentObject: {fileID: 0}
  m_PrefabInternal: {fileID: 100100000}
  m_GameObject: {fileID: 178626}
  m_Mesh: {fileID: 4300000, guid: cad9b36ece73fd44ba049d62441c6832, type: 3}
--- !u!33 &3329094
MeshFilter:
  m_ObjectHideFlags: 1
  m_PrefabParentObject: {fileID: 0}
  m_PrefabInternal: {fileID: 100100000}
  m_GameObject: {fileID: 198362}
  m_Mesh: {fileID: 4300000, guid: cad9b36ece73fd44ba049d62441c6832, type: 3}
--- !u!33 &3355862
MeshFilter:
  m_ObjectHideFlags: 1
  m_PrefabParentObject: {fileID: 0}
  m_PrefabInternal: {fileID: 100100000}
  m_GameObject: {fileID: 175090}
  m_Mesh: {fileID: 4300000, guid: cad9b36ece73fd44ba049d62441c6832, type: 3}
--- !u!33 &3372334
MeshFilter:
  m_ObjectHideFlags: 1
  m_PrefabParentObject: {fileID: 0}
  m_PrefabInternal: {fileID: 100100000}
  m_GameObject: {fileID: 163994}
  m_Mesh: {fileID: 4300000, guid: cad9b36ece73fd44ba049d62441c6832, type: 3}
--- !u!33 &3393264
MeshFilter:
  m_ObjectHideFlags: 1
  m_PrefabParentObject: {fileID: 0}
  m_PrefabInternal: {fileID: 100100000}
  m_GameObject: {fileID: 168902}
  m_Mesh: {fileID: 4300000, guid: cad9b36ece73fd44ba049d62441c6832, type: 3}
--- !u!33 &3395082
MeshFilter:
  m_ObjectHideFlags: 1
  m_PrefabParentObject: {fileID: 0}
  m_PrefabInternal: {fileID: 100100000}
  m_GameObject: {fileID: 176866}
  m_Mesh: {fileID: 4300000, guid: cad9b36ece73fd44ba049d62441c6832, type: 3}
--- !u!33 &3395730
MeshFilter:
  m_ObjectHideFlags: 1
  m_PrefabParentObject: {fileID: 0}
  m_PrefabInternal: {fileID: 100100000}
  m_GameObject: {fileID: 119314}
  m_Mesh: {fileID: 4300000, guid: cad9b36ece73fd44ba049d62441c6832, type: 3}
--- !u!54 &5404558
Rigidbody:
  m_ObjectHideFlags: 1
  m_PrefabParentObject: {fileID: 0}
  m_PrefabInternal: {fileID: 100100000}
  m_GameObject: {fileID: 163994}
  serializedVersion: 2
  m_Mass: 1
  m_Drag: 0
  m_AngularDrag: 0.05
  m_UseGravity: 0
  m_IsKinematic: 1
  m_Interpolate: 0
  m_Constraints: 0
  m_CollisionDetection: 0
--- !u!54 &5415566
Rigidbody:
  m_ObjectHideFlags: 1
  m_PrefabParentObject: {fileID: 0}
  m_PrefabInternal: {fileID: 100100000}
  m_GameObject: {fileID: 100680}
  serializedVersion: 2
  m_Mass: 1
  m_Drag: 0
  m_AngularDrag: 0.05
  m_UseGravity: 0
  m_IsKinematic: 1
  m_Interpolate: 0
  m_Constraints: 0
  m_CollisionDetection: 0
--- !u!54 &5426542
Rigidbody:
  m_ObjectHideFlags: 1
  m_PrefabParentObject: {fileID: 0}
  m_PrefabInternal: {fileID: 100100000}
  m_GameObject: {fileID: 168902}
  serializedVersion: 2
  m_Mass: 1
  m_Drag: 0
  m_AngularDrag: 0.05
  m_UseGravity: 0
  m_IsKinematic: 1
  m_Interpolate: 0
  m_Constraints: 0
  m_CollisionDetection: 0
--- !u!54 &5455654
Rigidbody:
  m_ObjectHideFlags: 1
  m_PrefabParentObject: {fileID: 0}
  m_PrefabInternal: {fileID: 100100000}
  m_GameObject: {fileID: 176866}
  serializedVersion: 2
  m_Mass: 1
  m_Drag: 0
  m_AngularDrag: 0.05
  m_UseGravity: 0
  m_IsKinematic: 1
  m_Interpolate: 0
  m_Constraints: 0
  m_CollisionDetection: 0
--- !u!54 &5475750
Rigidbody:
  m_ObjectHideFlags: 1
  m_PrefabParentObject: {fileID: 0}
  m_PrefabInternal: {fileID: 100100000}
  m_GameObject: {fileID: 175090}
  serializedVersion: 2
  m_Mass: 1
  m_Drag: 0
  m_AngularDrag: 0.05
  m_UseGravity: 0
  m_IsKinematic: 1
  m_Interpolate: 0
  m_Constraints: 0
  m_CollisionDetection: 0
--- !u!54 &5487504
Rigidbody:
  m_ObjectHideFlags: 1
  m_PrefabParentObject: {fileID: 0}
  m_PrefabInternal: {fileID: 100100000}
  m_GameObject: {fileID: 119314}
  serializedVersion: 2
  m_Mass: 1
  m_Drag: 0
  m_AngularDrag: 0.05
  m_UseGravity: 0
  m_IsKinematic: 1
  m_Interpolate: 0
  m_Constraints: 0
  m_CollisionDetection: 0
--- !u!54 &5497964
Rigidbody:
  m_ObjectHideFlags: 1
  m_PrefabParentObject: {fileID: 0}
  m_PrefabInternal: {fileID: 100100000}
  m_GameObject: {fileID: 198362}
  serializedVersion: 2
  m_Mass: 1
  m_Drag: 0
  m_AngularDrag: 0.05
  m_UseGravity: 0
  m_IsKinematic: 1
  m_Interpolate: 0
  m_Constraints: 0
  m_CollisionDetection: 0
--- !u!54 &5499470
Rigidbody:
  m_ObjectHideFlags: 1
  m_PrefabParentObject: {fileID: 0}
  m_PrefabInternal: {fileID: 100100000}
  m_GameObject: {fileID: 178626}
  serializedVersion: 2
  m_Mass: 1
  m_Drag: 0
  m_AngularDrag: 0.05
  m_UseGravity: 0
  m_IsKinematic: 1
  m_Interpolate: 0
  m_Constraints: 0
  m_CollisionDetection: 0
--- !u!65 &6522776
BoxCollider:
  m_ObjectHideFlags: 1
  m_PrefabParentObject: {fileID: 0}
  m_PrefabInternal: {fileID: 100100000}
  m_GameObject: {fileID: 168902}
  m_Material: {fileID: 0}
  m_IsTrigger: 1
  m_Enabled: 1
  serializedVersion: 2
  m_Size: {x: 2.5650983, y: 1.3474644, z: 0.254}
  m_Center: {x: 0.21103764, y: 0.023760676, z: 0.127}
--- !u!65 &6542248
BoxCollider:
  m_ObjectHideFlags: 1
  m_PrefabParentObject: {fileID: 0}
  m_PrefabInternal: {fileID: 100100000}
  m_GameObject: {fileID: 198362}
  m_Material: {fileID: 0}
  m_IsTrigger: 1
  m_Enabled: 1
  serializedVersion: 2
  m_Size: {x: 2.5650983, y: 1.3474644, z: 0.254}
  m_Center: {x: 0.21103764, y: 0.023760676, z: 0.127}
--- !u!65 &6547372
BoxCollider:
  m_ObjectHideFlags: 1
  m_PrefabParentObject: {fileID: 0}
  m_PrefabInternal: {fileID: 100100000}
  m_GameObject: {fileID: 176866}
  m_Material: {fileID: 0}
  m_IsTrigger: 1
  m_Enabled: 1
  serializedVersion: 2
  m_Size: {x: 2.5650983, y: 1.3474644, z: 0.254}
  m_Center: {x: 0.21103764, y: 0.023760676, z: 0.127}
--- !u!65 &6556540
BoxCollider:
  m_ObjectHideFlags: 1
  m_PrefabParentObject: {fileID: 0}
  m_PrefabInternal: {fileID: 100100000}
  m_GameObject: {fileID: 100680}
  m_Material: {fileID: 0}
  m_IsTrigger: 1
  m_Enabled: 1
  serializedVersion: 2
  m_Size: {x: 2.5650983, y: 1.3474644, z: 0.254}
  m_Center: {x: 0.21103764, y: 0.023760676, z: 0.127}
--- !u!65 &6562024
BoxCollider:
  m_ObjectHideFlags: 1
  m_PrefabParentObject: {fileID: 0}
  m_PrefabInternal: {fileID: 100100000}
  m_GameObject: {fileID: 119314}
  m_Material: {fileID: 0}
  m_IsTrigger: 1
  m_Enabled: 1
  serializedVersion: 2
  m_Size: {x: 2.5650983, y: 1.3474644, z: 0.254}
  m_Center: {x: 0.21103764, y: 0.023760676, z: 0.127}
--- !u!65 &6562924
BoxCollider:
  m_ObjectHideFlags: 1
  m_PrefabParentObject: {fileID: 0}
  m_PrefabInternal: {fileID: 100100000}
  m_GameObject: {fileID: 178626}
  m_Material: {fileID: 0}
  m_IsTrigger: 1
  m_Enabled: 1
  serializedVersion: 2
  m_Size: {x: 2.5650983, y: 1.3474644, z: 0.254}
  m_Center: {x: 0.21103764, y: 0.023760676, z: 0.127}
--- !u!65 &6572664
BoxCollider:
  m_ObjectHideFlags: 1
  m_PrefabParentObject: {fileID: 0}
  m_PrefabInternal: {fileID: 100100000}
  m_GameObject: {fileID: 163994}
  m_Material: {fileID: 0}
  m_IsTrigger: 1
  m_Enabled: 1
  serializedVersion: 2
  m_Size: {x: 2.5650983, y: 1.3474644, z: 0.254}
  m_Center: {x: 0.21103764, y: 0.023760676, z: 0.127}
--- !u!65 &6598816
BoxCollider:
  m_ObjectHideFlags: 1
  m_PrefabParentObject: {fileID: 0}
  m_PrefabInternal: {fileID: 100100000}
  m_GameObject: {fileID: 175090}
  m_Material: {fileID: 0}
  m_IsTrigger: 1
  m_Enabled: 1
  serializedVersion: 2
  m_Size: {x: 2.5650983, y: 1.3474644, z: 0.254}
  m_Center: {x: 0.21103764, y: 0.023760676, z: 0.127}
--- !u!114 &11403048
MonoBehaviour:
  m_ObjectHideFlags: 1
  m_PrefabParentObject: {fileID: 0}
  m_PrefabInternal: {fileID: 100100000}
  m_GameObject: {fileID: 146758}
  m_Enabled: 1
  m_EditorHideFlags: 0
  m_Script: {fileID: 11500000, guid: cff1c7cd5695956498fe126b6a3a40a4, type: 3}
  m_Name: 
  m_EditorClassIdentifier: 
  avoidObjectRuleMaps:
  - targetObject: {fileID: 11495722}
    rules:
    - minDistanceSameObjectType: 1
      minDistance: 1
      minObjectSeparation: 0
      forceOccurance: 0
      probability:
        startDistance: 0
        startValue: 1
        endDistance: 0
        endValue: 1
        useEndDistance: 0
  probabilityAdjustmentMaps: []
  avoidPlatforms: []
--- !u!114 &11403938
MonoBehaviour:
  m_ObjectHideFlags: 1
  m_PrefabParentObject: {fileID: 0}
  m_PrefabInternal: {fileID: 100100000}
  m_GameObject: {fileID: 119314}
  m_Enabled: 1
  m_EditorHideFlags: 0
  m_Script: {fileID: 11500000, guid: d55dfe0943423ba45b3773193962d415, type: 3}
  m_Name: 
  m_EditorClassIdentifier: 
  sections: 
  optimizeDeactivation: 0
  canSpawnInLeftSlot: 0
  canSpawnInCenterSlot: 0
  canSpawnInRightSlot: 0
  coinType: 0
  collectSpeed: 0.75
  rotationSpeed: 2
  rotationDelay: 1.2
--- !u!114 &11417162
MonoBehaviour:
  m_ObjectHideFlags: 1
  m_PrefabParentObject: {fileID: 0}
  m_PrefabInternal: {fileID: 100100000}
  m_GameObject: {fileID: 178626}
  m_Enabled: 1
  m_EditorHideFlags: 0
  m_Script: {fileID: 11500000, guid: d55dfe0943423ba45b3773193962d415, type: 3}
  m_Name: 
  m_EditorClassIdentifier: 
  sections: 
  optimizeDeactivation: 0
  canSpawnInLeftSlot: 0
  canSpawnInCenterSlot: 0
  canSpawnInRightSlot: 0
  coinType: 0
  collectSpeed: 0.75
  rotationSpeed: 2
  rotationDelay: 1.7
--- !u!114 &11417270
MonoBehaviour:
  m_ObjectHideFlags: 1
  m_PrefabParentObject: {fileID: 0}
  m_PrefabInternal: {fileID: 100100000}
  m_GameObject: {fileID: 100680}
  m_Enabled: 1
  m_EditorHideFlags: 0
  m_Script: {fileID: 11500000, guid: d55dfe0943423ba45b3773193962d415, type: 3}
  m_Name: 
  m_EditorClassIdentifier: 
  sections: 
  optimizeDeactivation: 0
  canSpawnInLeftSlot: 0
  canSpawnInCenterSlot: 0
  canSpawnInRightSlot: 0
  coinType: 0
  collectSpeed: 0.75
  rotationSpeed: 2
  rotationDelay: 1.6
--- !u!114 &11425530
MonoBehaviour:
  m_ObjectHideFlags: 1
  m_PrefabParentObject: {fileID: 0}
  m_PrefabInternal: {fileID: 100100000}
  m_GameObject: {fileID: 146758}
  m_Enabled: 1
  m_EditorHideFlags: 0
  m_Script: {fileID: 11500000, guid: 1049419d8e4c2804288b95f897fd6039, type: 3}
  m_Name: 
  m_EditorClassIdentifier: 
  occurProbabilities:
    values:
    - startDistance: 50
      startValue: 0.5978261
      endDistance: 0
      endValue: 1
      useEndDistance: 0
    loop: 0
    loopBackToIndex: 0
  noOccurProbabilities:
    values:
    - startDistance: 0
      startValue: 0.3043478
      endDistance: 0
      endValue: 1
      useEndDistance: 0
    loop: 0
    loopBackToIndex: 0
--- !u!114 &11427890
MonoBehaviour:
  m_ObjectHideFlags: 1
  m_PrefabParentObject: {fileID: 0}
  m_PrefabInternal: {fileID: 100100000}
  m_GameObject: {fileID: 168902}
  m_Enabled: 1
  m_EditorHideFlags: 0
  m_Script: {fileID: 11500000, guid: d55dfe0943423ba45b3773193962d415, type: 3}
  m_Name: 
  m_EditorClassIdentifier: 
  sections: 
  optimizeDeactivation: 0
  canSpawnInLeftSlot: 0
  canSpawnInCenterSlot: 0
  canSpawnInRightSlot: 0
  coinType: 0
  collectSpeed: 0.75
  rotationSpeed: 2
  rotationDelay: 1.4
--- !u!114 &11442292
MonoBehaviour:
  m_ObjectHideFlags: 1
  m_PrefabParentObject: {fileID: 0}
  m_PrefabInternal: {fileID: 100100000}
  m_GameObject: {fileID: 198362}
  m_Enabled: 1
  m_EditorHideFlags: 0
  m_Script: {fileID: 11500000, guid: d55dfe0943423ba45b3773193962d415, type: 3}
  m_Name: 
  m_EditorClassIdentifier: 
  sections: 
  optimizeDeactivation: 0
  canSpawnInLeftSlot: 0
  canSpawnInCenterSlot: 0
  canSpawnInRightSlot: 0
  coinType: 0
  collectSpeed: 0.75
  rotationSpeed: 2
  rotationDelay: 1.5
--- !u!114 &11484332
MonoBehaviour:
  m_ObjectHideFlags: 1
  m_PrefabParentObject: {fileID: 0}
  m_PrefabInternal: {fileID: 100100000}
  m_GameObject: {fileID: 175090}
  m_Enabled: 1
  m_EditorHideFlags: 0
  m_Script: {fileID: 11500000, guid: d55dfe0943423ba45b3773193962d415, type: 3}
  m_Name: 
  m_EditorClassIdentifier: 
  sections: 
  optimizeDeactivation: 0
  canSpawnInLeftSlot: 0
  canSpawnInCenterSlot: 0
  canSpawnInRightSlot: 0
  coinType: 0
  collectSpeed: 0.75
  rotationSpeed: 2
  rotationDelay: 1.3
--- !u!114 &11495722
MonoBehaviour:
  m_ObjectHideFlags: 1
  m_PrefabParentObject: {fileID: 0}
  m_PrefabInternal: {fileID: 100100000}
  m_GameObject: {fileID: 146758}
  m_Enabled: 1
  m_EditorHideFlags: 0
  m_Script: {fileID: 11500000, guid: a87b4c60a75d0b64ca489ca469e91941, type: 3}
  m_Name: 
  m_EditorClassIdentifier: 
  sections: 
  optimizeDeactivation: 1
  canSpawnInLeftSlot: 1
  canSpawnInCenterSlot: 1
  canSpawnInRightSlot: 1
  isJump: 0
  canRunOnTop: 0
  isDestructible: 0
  destructionParticles: {fileID: 0}
  destructionAnimation: {fileID: 0}
  destructionAnimationName: Destruction
--- !u!114 &11497850
MonoBehaviour:
  m_ObjectHideFlags: 1
  m_PrefabParentObject: {fileID: 0}
  m_PrefabInternal: {fileID: 100100000}
  m_GameObject: {fileID: 176866}
  m_Enabled: 1
  m_EditorHideFlags: 0
  m_Script: {fileID: 11500000, guid: d55dfe0943423ba45b3773193962d415, type: 3}
  m_Name: 
  m_EditorClassIdentifier: 
  sections: 
  optimizeDeactivation: 0
  canSpawnInLeftSlot: 0
  canSpawnInCenterSlot: 0
  canSpawnInRightSlot: 0
  coinType: 0
  collectSpeed: 0.75
  rotationSpeed: 2
  rotationDelay: 1.1
--- !u!114 &11499086
MonoBehaviour:
  m_ObjectHideFlags: 1
  m_PrefabParentObject: {fileID: 0}
  m_PrefabInternal: {fileID: 100100000}
  m_GameObject: {fileID: 163994}
  m_Enabled: 1
  m_EditorHideFlags: 0
  m_Script: {fileID: 11500000, guid: d55dfe0943423ba45b3773193962d415, type: 3}
  m_Name: 
  m_EditorClassIdentifier: 
  sections: 
  optimizeDeactivation: 0
  canSpawnInLeftSlot: 0
  canSpawnInCenterSlot: 0
  canSpawnInRightSlot: 0
  coinType: 0
  collectSpeed: 0.75
  rotationSpeed: 2
  rotationDelay: 1
--- !u!1001 &100100000
Prefab:
  m_ObjectHideFlags: 1
  serializedVersion: 2
  m_Modification:
    m_TransformParent: {fileID: 0}
    m_Modifications: []
    m_RemovedComponents: []
  m_ParentPrefab: {fileID: 0}
  m_RootGameObject: {fileID: 146758}
  m_IsPrefabParent: 1
